@phdthesis{grandinetti2017,
  author       = {Pietro Grandinetti},
  title        = {Control of large-scale traffic networks},
  school       = {Universit\'{e} de Grenoble Alpes},
  year         = 2017,
  address      = {INRIA, Gipsa-Lab},
  month        = {4},
  url          = {http://bit.ly/TrafficControl-PhD}
}
@inproceedings{grandinetti2015,
  author       = {Pietro Grandinetti and Carlos {Canudas de Wit} and Federica Garin},
  booktitle    = {2015 European Control Conference (ECC)},
  title        = {An efficient one-step-ahead optimal control for urban signalized traffic networks based on an averaged Cell-Transmission-Model},
  year         = {2015},
  volume       = {},
  number       = {},
  pages        = {3478-3483},
  doi          = {10.1109/ECC.2015.7331072},
  ISSN         = {},
  month        = {7}
}
@inproceedings{grandinetti2015a,
  author       = {Pietro Grandinetti and Federica Garin and Carlos {Canudas de Wit}},
  booktitle    = {2015 54th IEEE Conference on Decision and Control (CDC)},
  title        = {Towards scalable optimal traffic control},
  year         = {2015},
  volume       = {},
  number       = {},
  pages        = {2175-2180},
  doi          = {10.1109/CDC.2015.7402529},
  ISSN         = {},
  month        = {10}
}
@misc{inrix2016,
  author       = {INRIX},
  title        = {Traffic Congestion in Europe: INRIX France Traffic Scorecard Provides Revealing Look at Traffic Congestion in Cities Nationwide | INRIX},
  howpublished = "\url{http://inrix.com/press-releases/2661/}",
  year         = {2016},
  urldate      = {2017-08-31}
}
@misc{inrix2014,
  author       = {INRIX},
  title        = {Embouteillages : Une facture cumul\'{e}e de plus de 350 millards d'euros pour la France sur les 16 prochaines ann\'{e}es},
  howpublished = "\url{http://bit.ly/inrix-press-2014}",
  year         = {2014},
  urldate      = {2018-01-12}
}
@article{daganzo1994,
  author       = {Carlos Daganzo},
  title        = {The cell transmission model: A dynamic representation of highway traffic consistent with the hydrodynamic theory},
  journal      = {Transportation Research Part B: Methodological},
  volume       = {28},
  number       = {4},
  pages        = {269--287},
  year         = {1994},
  publisher    = {Elsevier}
}
